@manual{x86-rip,
  author = {AMD},
  title = {AMD64 Architecture Programmer's Manual Volume 2: System Programming},
  year = {2022},
  pages = {28},
  howpublished = {\url{https://www.amd.com/system/files/TechDocs/24593.pdf}},
  note = "Revision 3.39, [Abgerufen am 18. Dezember 2022]"
}

@manual{i486-pipeline,
  author = {Intel},
  title = {i486 Microprocessor Programmer's Reference Manual},
  year = {1990},
  pages = {29},
  howpublished = {\url{http://bitsavers.trailing-edge.com/components/intel/80486/i486_Processor_Programmers_Reference_Manual_1990.pdf}},
  note = "[Abgerufen am 18. Dezember 2022]"
}

@article{arm-isa,
  author = {Arm Limited},
  title = {Architecture Reference Manual for A-profile architecture},
  year = {2022},
  howpublished = {\url{https://developer.arm.com/documentation/ddi0487/latest}},
  note = "[Abgerufen am 18. Dezember 2022]"
}

@article{riscv-isa,
  author = {University of California},
  editor = {Andrew Waterman and Krste Asanovic and SiFive Inc.},
  title = {The RISC-V Instruction Set Manual},
  volume = {Volume I: Unprivileged ISA},
  year = {2019},
  howpublished = {\url{https://github.com/riscv/riscv-isa-manual/releases/download/Ratified-IMAFDQC/riscv-spec-20191213.pdf}},
  note = "[Abgerufen am 18. Dezember 2022]"
}

@inproceedings{x86-instcount,
  title = {Enumerating x86-64 – It’s Not as Easy as Counting},
  author = {William R. Mahoney and John McDonald},
  year = {2021},
  howpublished = {\url{https://www.semanticscholar.org/paper/Enumerating-x86-64-%E2%80%93-It%E2%80%99s-Not-as-Easy-as-Counting-Mahoney-McDonald/d03d2e9e8cbeba18c53749e75c5c77d0c593e9be}},
  note = "[Abgerufen am 18. Dezember 2022]"
}

@misc{armv8-instcount,
  title = {ARMv8 instruction count},
  howpublished = {\url{https://www.reddit.com/r/arm/comments/mod62k/comment/gu4cbb1}},
  note = "[Abgerufen am 20. Dezember 2022]"
}

@misc{wiki-pipeline,
  author = "Wikipedia",
  title = "{Instruction pipelining} --- {W}ikipedia{,} The Free Encyclopedia",
  year = "2022",
  howpublished = {\url{http://en.wikipedia.org/w/index.php?title=Instruction%20pipelining&oldid=1127050806}},
  note = "[Abgerufen am 18. Dezember 2022]"
}

@misc{wiki-superscalar,
  author = "Wikipedia",
  title = "{Superscalar processor} --- {W}ikipedia{,} The Free Encyclopedia",
  year = "2022",
  howpublished = {\url{http://en.wikipedia.org/w/index.php?title=Superscalar%20processor&oldid=1107661073}},
  note = "[Abgerufen am 18. Dezember 2022]"
}

@misc{wiki-cache,
  author = "Wikipedia",
  title = "{CPU cache} --- {W}ikipedia{,} The Free Encyclopedia",
  year = "2022",
  howpublished = {\url{http://en.wikipedia.org/w/index.php?title=CPU%20cache&oldid=1126673140}},
  note = "[Abgerufen am 18. Dezember 2022]"
}

@misc{wiki-branchpred,
  author = "Wikipedia",
  title = "{Branch predictor} --- {W}ikipedia{,} The Free Encyclopedia",
  year = "2022",
  howpublished = {\url{http://en.wikipedia.org/w/index.php?title=Branch%20predictor&oldid=1128354706}},
  note = "[Abgerufen am 18. Dezember 2022]"
}

@misc{wiki-oooe,
  author = "Wikipedia",
  title = "{Out-of-order execution} --- {W}ikipedia{,} The Free Encyclopedia",
  year = "2022",
  howpublished = {\url{http://en.wikipedia.org/w/index.php?title=Out-of-order%20execution&oldid=1121406842}},
  note = "[Abgerufen am 18. Dezember 2022]"
}

@misc{wiki-isa,
  author = "Wikipedia",
  title = "{Instruction set architecture} --- {W}ikipedia{,} The Free Encyclopedia",
  year = "2022",
  howpublished = {\url{http://en.wikipedia.org/w/index.php?title=Instruction%20set%20architecture&oldid=1125686256}},
  note = "[Abgerufen am 18. Dezember 2022]"
}
